@techreport{ref:Rayside09,
  author        = "Derek Rayside and Hans-Christian Estler and Daniel Jackson",
  title         = {{The Guided Improvement Algorithm for Exact,
                   General-Purpose, Many-Objective Combinatorial
                   Optimization}},
  institution   = "MIT Computer Science and Artificial Intelligence
                   Laboratory",
  number        = "MIT-CSAIL-TR-2009-033",
  year          = "2009",
  month         = "7"
}

@conference{ref:Bak10,
  author        = "Kacper B{\k a}k and Krzysztof Czarnecki and W{\k a}sowski Andrzej",
  title         = "Feature and Meta-Models in Clafer: Mixed, Specialized, and Coupled",
  booktitle     = "3rd International Conference on Software Language Engineering",
  year          = "2010",
  month         = "10",
  address       = "Eindhoven, The Netherlands"
}

@conference{ref:Olaechea12,
  author        = "Rafael Olaechea and Steven Stewart and Krzysztof Czarnecki
                   and Derek Rayside",
  title         = "Modeling and Multi-Objective Optimization of Quality
                   Attributes in Variability-Rich Software",
  booktitle     = "International Workshop on Non-functional System Properties
                   in Domain Specific Modeling Languages
                   (NFPinDSML{\textquoteright}12)",
  year          = "2012",
  month         = "10",
  address       = "Innsbruck, Austria"
}

@online{ref:testng,
  author        = "C\'edric Beust",
  title         = {{TestNG}},
  url           = "http://testng.org/doc/index.html",
  year          = "2012",
  urldate       = "2012-12-02"
}

@online{ref:mockito,
  author        = "Szczepan Faber",
  title         = {{mockito --- simpler \& better mocking}},
  url           = "http://code.google.com/p/mockito/",
  year          = "2012",
  urldate       = "2012-12-02"
}

@online{ref:nasa11,
  author        = "NASA",
  title         = {{Decadal Survey}},
  url           =
      "http://science.nasa.gov/earth-science/decadal-surveys/",
  year          = "2011",
  urldate       = "2012-11-25"
}
