@techreport{ref:Rayside09,
  author        = "Derek Rayside and Hans-Christian Estler and Daniel Jackson",
  title         = {{The Guided Improvement Algorithm for Exact,
                   General-Purpose, Many-Objective Combinatorial
                   Optimization}},
  institution   = "Computer Science and Artificial Intelligence
                   Laboratory, Massachusetts Institute of Technology",
  number        = "MIT-CSAIL-TR-2009-033",
  year          = "2009",
  month         = "7"
}
