@techreport{ref:Rayside09,
  author        = "Derek Rayside and Hans-Christian Estler and Daniel Jackson",
  title         = {{The Guided Improvement Algorithm for Exact,
                   General-Purpose, Many-Objective Combinatorial
                   Optimization}},
  institution   = "Computer Science and Artificial Intelligence
                   Laboratory, Massachusetts Institute of Technology",
  number        = "MIT-CSAIL-TR-2009-033",
  year          = "2009",
  month         = "7"
}

@online{ref:nasa11,
  author        = "NASA",
  title         = {{Decadal Survey}},
  url           =
      "http://science.nasa.gov/earth-science/decadal-surveys/",
  year          = "2011",
  urldate       = "2012-11-25"
}

@inproceedings{ref:Gavanelli02,
  author        = "Marco Gavanelli",
  title         = {{An Algorithm for Multi-Criteria Optimization in
                   CSPs}},
  booktitle     = "Proceedings of the 15th European Conference on
                  Artificial Intelligence",
  year          = "2002",
  editor        = "Frank van Harmelen",
  location      = "Lyon, France",
  pages         = "136-140",
  publisher     = "IOS Press"
}

@inproceedings{ref:Lukas07,
  author        = "Martin Lukasiewycz and Michael Gla\ss and Christian
                   Haubelt and J\"{u}rgen Teich",
  title         = {{Solving multi-objective pseudo-boolean problems}},
  booktitle     = "Proceedings of the 10th international conference on
                   Theory and applications of satisfiability testing",
  series        = "SAT'07",
  year          = "2007",
  location      = "Lisbon, Portugal",
  pages         = "56-69",
  publisher     = "Springer-Verlag"
}

@article{ref:kppm,
  author        = "Clarisse Dhaenens and Julien Lemesre and El-Ghazali
                   Talbi",
  title         = {{K-PPM: A new exact method to solve multi-objective
                    combinatorial optimization problems}},
  journal       = "European Journal of Operational Research",
  year          = "2010",
  volume        = "200",
  number        = "1",
  pages         = "45-53"
}
